@online{go-sched,
    author = {Daniel Morsing},
    title = {The Go Scheduler},
    organization = {},
    url = {http://morsmachine.dk/go-scheduler},
    year = {June 2013}
}